%YAML 1.1
%TAG !u! tag:unity3d.com,2011:
--- !u!1001 &100100000
Prefab:
  m_ObjectHideFlags: 1
  serializedVersion: 2
  m_Modification:
    m_TransformParent: {fileID: 0}
    m_Modifications: []
    m_RemovedComponents: []
  m_ParentPrefab: {fileID: 0}
  m_RootGameObject: {fileID: 1000013083327250}
  m_IsPrefabParent: 1
--- !u!1 &1000013083327250
GameObject:
  m_ObjectHideFlags: 0
  m_PrefabParentObject: {fileID: 0}
  m_PrefabInternal: {fileID: 100100000}
  serializedVersion: 4
  m_Component:
  - 4: {fileID: 4000014180085832}
  - 65: {fileID: 65000010826100712}
  - 114: {fileID: 114000013295908328}
  m_Layer: 0
  m_Name: Attack
  m_TagString: Untagged
  m_Icon: {fileID: -964228994112308473, guid: 0000000000000000d000000000000000, type: 0}
  m_NavMeshLayer: 0
  m_StaticEditorFlags: 0
  m_IsActive: 1
--- !u!4 &4000014180085832
Transform:
  m_ObjectHideFlags: 1
  m_PrefabParentObject: {fileID: 0}
  m_PrefabInternal: {fileID: 100100000}
  m_GameObject: {fileID: 1000013083327250}
  m_LocalRotation: {x: 0, y: 0, z: 0, w: 1}
  m_LocalPosition: {x: -2.5482829, y: 1.37, z: 6.645477}
  m_LocalScale: {x: 2.314498, y: 1.3716913, z: 1}
  m_LocalEulerAnglesHint: {x: 0, y: 0, z: 0}
  m_Children: []
  m_Father: {fileID: 0}
  m_RootOrder: 0
--- !u!65 &65000010826100712
BoxCollider:
  m_ObjectHideFlags: 1
  m_PrefabParentObject: {fileID: 0}
  m_PrefabInternal: {fileID: 100100000}
  m_GameObject: {fileID: 1000013083327250}
  m_Material: {fileID: 0}
  m_IsTrigger: 1
  m_Enabled: 1
  serializedVersion: 2
  m_Size: {x: 1, y: 1.1432167, z: 1.8303533}
  m_Center: {x: 0, y: 0.0052759373, z: -0.4151759}
--- !u!114 &114000013295908328
MonoBehaviour:
  m_ObjectHideFlags: 1
  m_PrefabParentObject: {fileID: 0}
  m_PrefabInternal: {fileID: 100100000}
  m_GameObject: {fileID: 1000013083327250}
  m_Enabled: 1
  m_EditorHideFlags: 0
  m_Script: {fileID: 11500000, guid: b7bf275cb5231ed48bb55d0977afad45, type: 3}
  m_Name: 
  m_EditorClassIdentifier: 
  instigator: {fileID: 0}
  mAbilityKey: 1
  mParticlesHit: {fileID: 198000012013447264, guid: 5eba20bf1c167b4478d2f7bc3c801fed,
    type: 2}
  mParticle: {fileID: 0}
